<?xml version="1.0" encoding="UTF-8"?><record xmlns="http://www.loc.gov/MARC21/slim" xmlns:cinclude="http://apache.org/cocoon/include/1.0" xmlns:zs="http://www.loc.gov/zing/srw/">
  <leader>00801nz  a2200181n  4500</leader>
  <controlfield tag="001">n 2013209796</controlfield>
  <controlfield tag="003">DLC</controlfield>
  <controlfield tag="005">20140411035820.0</controlfield>
  <controlfield tag="008">140411n| azannaabn          |a ana      </controlfield>
  <datafield tag="010" ind1=" " ind2=" ">
    <subfield code="a">n 2013209796</subfield>
  </datafield>
  <datafield tag="040" ind1=" " ind2=" ">
    <subfield code="a">DLC</subfield>
    <subfield code="b">eng</subfield>
    <subfield code="c">DLC</subfield>
    <subfield code="e">rda</subfield>
  </datafield>
  <datafield tag="046" ind1=" " ind2=" ">
    <subfield code="k">2012</subfield>
  </datafield>
  <datafield tag="110" ind1="1" ind2=" ">
    <subfield code="a">Indonesia.</subfield>
    <subfield code="t">Undang-Undang Tentang Perkoperasian (2012)</subfield>
  </datafield>
  <datafield tag="380" ind1=" " ind2=" ">
    <subfield code="a">Cooperative societies law</subfield>
  </datafield>
  <datafield tag="410" ind1="1" ind2=" ">
    <subfield code="a">Indonesia.</subfield>
    <subfield code="t">Undang-Undang Republik Indonesia nomor 17 tahun 2012 Tentang Perkoperasian</subfield>
  </datafield>
  <datafield tag="410" ind1="1" ind2=" ">
    <subfield code="a">Indonesia.</subfield>
    <subfield code="t">Undang-Undang Perkoperasian (2012)</subfield>
  </datafield>
  <datafield tag="410" ind1="1" ind2=" ">
    <subfield code="a">Indonesia.</subfield>
    <subfield code="t">UU no. 17/2012</subfield>
  </datafield>
  <datafield tag="670" ind1=" " ind2=" ">
    <subfield code="a">Undang-Undang Perkoperasian (UU no. 17/2012), 2013:</subfield>
    <subfield code="b">t.p. (Undang-Undang Perkoperasian; UU no. 17/2012) p. 1, etc. (Undang-Undang Republik Indonesia nomor 17 tahun 2012 Tentang Perkoperasian; Undang-Undang Tentang Perkoperasian)</subfield>
  </datafield>
</record>